<record><leader>00000cas a22000007a 4500</leader><controlfield tag="001">7840272</controlfield><controlfield tag="008">811012d19611972mtuwr nea     0   a0eng d</controlfield><datafield ind1=" " ind2=" " tag="010"><subfield code="a">sn 86075218 </subfield></datafield><datafield ind1=" " ind2=" " tag="040"><subfield code="a">IND</subfield><subfield code="b">eng</subfield><subfield code="c">IND</subfield><subfield code="d">MTL</subfield><subfield code="d">OCLCO</subfield></datafield><datafield ind1="1" ind2=" " tag="029"><subfield code="a">AU@</subfield><subfield code="b">000025803302</subfield></datafield><datafield ind1=" " ind2=" " tag="042"><subfield code="a">msc</subfield></datafield><datafield ind1=" " ind2=" " tag="043"><subfield code="a">n-us-mt</subfield></datafield><datafield ind1="0" ind2=" " tag="130"><subfield code="a">Montana Catholic register (Western ed.)</subfield></datafield><datafield ind1="0" ind2="0" tag="245"><subfield code="a">Montana Catholic register.</subfield></datafield><datafield ind1=" " ind2=" " tag="250"><subfield code="a">Western ed.</subfield></datafield><datafield ind1=" " ind2=" " tag="260"><subfield code="a">Denver, Colo. :</subfield><subfield code="b">Catholic Press Society,</subfield><subfield code="c">1961-1972.</subfield></datafield><datafield ind1=" " ind2=" " tag="300"><subfield code="a">12 v. :</subfield><subfield code="b">ill. ;</subfield><subfield code="c">   cm.</subfield></datafield><datafield ind1=" " ind2=" " tag="310"><subfield code="a">Weekly</subfield></datafield><datafield ind1="0" ind2=" " tag="362"><subfield code="a">Vol. 37, no. 2 (Jan. 6, 1961)-v. 48, no. 10 (Mar. 10, 1972).</subfield></datafield><datafield ind1=" " ind2=" " tag="500"><subfield code="a">Official newspaper of the Diocese of Helena.</subfield></datafield><datafield ind1=" " ind2=" " tag="525"><subfield code="a">Includes supplements.</subfield></datafield><datafield ind1="2" ind2=" " tag="710"><subfield code="a">Catholic Church.</subfield><subfield code="b">Diocese of Helena (Mont.)</subfield></datafield><datafield ind1=" " ind2=" " tag="752"><subfield code="a">United States</subfield><subfield code="b">Montana</subfield><subfield code="c">Lewis and Clark</subfield><subfield code="d">Helena.</subfield></datafield><datafield ind1="0" ind2="0" tag="780"><subfield code="t">Register (Western Montana ed.)</subfield><subfield code="w">(DLC)sn 86075219</subfield></datafield><datafield ind1="0" ind2="0" tag="785"><subfield code="t">Westmont word</subfield><subfield code="w">(DLC)sn 8402058</subfield></datafield></record>